@inproceedings{WelTeh2011a,
Author = {M. Welling and Y. W. Teh},
Booktitle = {Proceedings of the International Conference on Machine Learning},
Title = {{B}ayesian Learning via Stochastic Gradient {L}angevin Dynamics},
Year = {2011}}

@book{Liu01,
  author = "Jun S. Liu",
  title = "Monte Carlo strategies in scientific computing",
  publisher = "Springer",
  year = "2001",
  ISBN = "0387952306"
}

@inproceedings{AhnBW12,
  author    = {Sungjin Ahn and
               Anoop Korattikara Balan and
               Max Welling},
  title     = {Bayesian Posterior Sampling via Stochastic Gradient Fisher
               Scoring},
  booktitle = {ICML},
  year      = {2012},
  ee        = {http://icml.cc/discuss/2012/782.html},
}

@incollection{Neal10,
  author      = "R. M. Neal",
  title       = "MCMC using Hamiltonian dynamics",
  editor      = "S. Brooks and A. Gelman and G. Jones and X.-L. Meng",
  booktitle   = "Handbook of Markov Chain Monte Carlo",
  publisher   = "Chapman \& Hall / CRC Press",
  year        = 2010,
}

@MISC{Neal93,
    author = {Radford M. Neal},
    title = {Probabilistic Inference Using Markov Chain Monte Carlo Methods},
    year = {1993}
}

@MISC{Bottou10,
author = "L. Bottou",
title = "Large-Scale Machine Learning with Stochastic Gradient Descent",
year = "2010"
}

@MISC{Niu11,
author = "F. Niu and B. Recht and C. R\'e and S. J. Wright",
title = "Hogwild!: A Lock-Free Approach to Parallelizing Stochastic Gradient Descent",
year = "2011"
}